@article{perfectsolvertutotial,
  title={Solving Connect 4: How to Build a Perfect AI},
  author={Pons, Pascal},
  year={2017},
  url={http://blog.gamesolver.org/}
}

@misc{perfectsolverimplementation,
  author={Pons, Pascal},
  title = {Connect 4 Game Solver},
  year = {2017},
  publisher = {GitHub},
  journal = {GitHub repository},
  howpublished = {\url{https://github.com/PascalPons/connect4}},
  commit = {d6ba50d8aaf2308c769d9bf2abd42d90f34baf41}
}